<record><leader>00000cas a22000007a 4500</leader><controlfield tag="001">14148520</controlfield><controlfield tag="008">860826d19081926pauer n       0    0eng d</controlfield><datafield ind1=" " ind2=" " tag="010"><subfield code="a">sn 87080179 </subfield></datafield><datafield ind1=" " ind2=" " tag="040"><subfield code="a">PLF</subfield><subfield code="b">eng</subfield><subfield code="c">PLF</subfield><subfield code="d">NPH</subfield><subfield code="d">OCLCQ</subfield></datafield><datafield ind1=" " ind2=" " tag="042"><subfield code="a">msc</subfield></datafield><datafield ind1="0" ind2=" " tag="130"><subfield code="a">Weekly news (Philadelphia, Pa.)</subfield></datafield><datafield ind1="1" ind2="4" tag="245"><subfield code="a">The weekly news.</subfield></datafield><datafield ind1=" " ind2=" " tag="260"><subfield code="a">Philadelphia, Pa. :</subfield><subfield code="b">[s.n.],</subfield><subfield code="c">1908-</subfield></datafield><datafield ind1=" " ind2=" " tag="300"><subfield code="a">v. :</subfield><subfield code="b">ill.</subfield></datafield><datafield ind1=" " ind2=" " tag="310"><subfield code="a">Biweekly</subfield></datafield><datafield ind1="0" ind2=" " tag="362"><subfield code="a">No. 2509 (Sept. 14, 1908)-</subfield></datafield><datafield ind1="1" ind2=" " tag="362"><subfield code="a">Ceased with Dec. 27, 1926 issue?</subfield></datafield><datafield ind1=" " ind2=" " tag="580"><subfield code="a">"Bi-weekly edition of the Daily news."</subfield></datafield><datafield ind1=" " ind2=" " tag="752"><subfield code="a">United States</subfield><subfield code="b">Pennsylvania</subfield><subfield code="c">Philadelphia</subfield><subfield code="d">Philadelphia.</subfield></datafield><datafield ind1="1" ind2=" " tag="775"><subfield code="t">Daily news (Philadelphia, Pa. : 1884)</subfield><subfield code="w">(DLC)sn 85054802</subfield><subfield code="w">(OCoLC)12617394</subfield></datafield><datafield ind1="1" ind2=" " tag="775"><subfield code="t">Philadelphia daily news (Philadelphia, Pa. : 1925)</subfield><subfield code="w">(DLC)sn 87080181</subfield></datafield><datafield ind1="0" ind2="0" tag="780"><subfield code="t">Philadelphia weekly news</subfield><subfield code="w">(DLC)sn 87080180</subfield></datafield></record>